@misc{cheby,
	author = {Daniel Liu, Swapnil Das, Hobart Pao},
	title = {{Chebyshev Polynomials - Definition and Properties \newline}},
	howpublished = "\url{https://brilliant.org/wiki/chebyshev-polynomials-definition-and-properties/}",
	year = {}, 
	note = "[Online]"
}
@misc{tables,
	author = {Kirt Blattenberger},
	title = {{Chebyshev Filter Lowpass Prototype Element Values \newline}},
	howpublished = "\url{https://www.rfcafe.com/references/electrical/cheby-proto-values.htm}",
	year = {}, 
	note = "[Online]"
}
